<record><leader>01193nam a2200265Ia 4500</leader><controlfield tag="001">011826581</controlfield><controlfield tag="003">MiAaHDL</controlfield><controlfield tag="005">20120821000000.0</controlfield><controlfield tag="006">m        d        </controlfield><controlfield tag="007">cr bn ---auaua</controlfield><controlfield tag="008">920203s1890    at       c    000 0 eng d</controlfield><datafield tag="035" ind1=" " ind2=" "><subfield code="a">sdr-chi3264055</subfield></datafield><datafield tag="035" ind1=" " ind2=" "><subfield code="a">(OCoLC)25206299</subfield></datafield><datafield tag="040" ind1=" " ind2=" "><subfield code="a">SMI</subfield><subfield code="c">SMI</subfield><subfield code="d">CGU</subfield></datafield><datafield tag="049" ind1=" " ind2=" "><subfield code="a">CGUA</subfield></datafield><datafield tag="090" ind1=" " ind2=" "><subfield code="a">QL696.F3</subfield><subfield code="b">R178 1890</subfield></datafield><datafield tag="099" ind1=" " ind2=" "><subfield code="a">QL696.A2A91</subfield></datafield><datafield tag="100" ind1="1" ind2=" "><subfield code="a">Ramsay, E. P.</subfield><subfield code="q">(Edward Pierson),</subfield><subfield code="d">d. 1917</subfield></datafield><datafield tag="245" ind1="1" ind2="0"><subfield code="a">Supplement to the catalogue of the Australian Accipitres, or, Diurnal birds of prey in the collection of the Australian Museum, at Sydney, N.S.W. /</subfield><subfield code="c">by E. P. Ramsay.</subfield></datafield><datafield tag="260" ind1=" " ind2=" "><subfield code="a">Sydney :</subfield><subfield code="b">Printed by order of the Trustees,</subfield><subfield code="c">1890.</subfield></datafield><datafield tag="300" ind1=" " ind2=" "><subfield code="a">9 p. ;</subfield><subfield code="c">22 cm.</subfield></datafield><datafield tag="538" ind1=" " ind2=" "><subfield code="a">Mode of access: Internet.</subfield></datafield><datafield tag="610" ind1="2" ind2="0"><subfield code="a">Australian Museum</subfield><subfield code="x">Catalogs.</subfield></datafield><datafield tag="650" ind1=" " ind2="0"><subfield code="a">Birds</subfield><subfield code="z">Australia</subfield><subfield code="x">Catalogs.</subfield></datafield><datafield tag="650" ind1=" " ind2="0"><subfield code="a">Falconiformes</subfield><subfield code="z">Australia</subfield><subfield code="x">Catalogs.</subfield></datafield><datafield tag="740" ind1="0" ind2="1"><subfield code="a">Catalogue of the Australian Accipitres.</subfield></datafield><datafield tag="740" ind1="0" ind2="1"><subfield code="a">Diurnal birds of prey in the collection of the Australian Museum, at Sydney, N.S.W.</subfield></datafield><datafield tag="740" ind1="0" ind2="1"><subfield code="a">Supplement to the catalogue of the Australian Accipitres.</subfield></datafield><datafield tag="740" ind1="0" ind2="1"><subfield code="a">Catalogue of the Australian Accipitres or diurnal birds of prey in the collection of the Australian Museum, at Sydney, N.S.W.</subfield></datafield><datafield tag="CID" ind1=" " ind2=" "><subfield code="a">011826581</subfield></datafield><datafield tag="DAT" ind1="0" ind2=" "><subfield code="a">19980807175600.0</subfield><subfield code="b">20120821000000.0</subfield></datafield><datafield tag="DAT" ind1="1" ind2=" "><subfield code="a">20121024000546.0</subfield><subfield code="b">2022-04-03T17:30:03Z</subfield></datafield><datafield tag="CAT" ind1=" " ind2=" "><subfield code="a">SDR-CHI</subfield><subfield code="d">UNKNOWN</subfield><subfield code="l">loader.pl-002-001</subfield></datafield><datafield tag="FMT" ind1=" " ind2=" "><subfield code="a">BK</subfield></datafield><datafield tag="HOL" ind1=" " ind2=" "><subfield code="0">sdr-chi3264055</subfield><subfield code="a">chi</subfield><subfield code="b">SDR</subfield><subfield code="c">CHI</subfield><subfield code="p">chi.086132657</subfield><subfield code="s">CHI</subfield><subfield code="z">c.1</subfield><subfield code="1">3264055</subfield></datafield><datafield tag="974" ind1=" " ind2=" "><subfield code="b">CHI</subfield><subfield code="c">CHI</subfield><subfield code="d">20220403</subfield><subfield code="s">google</subfield><subfield code="u">chi.086132657</subfield><subfield code="z">c.1</subfield><subfield code="y">1890</subfield><subfield code="r">pd</subfield><subfield code="q">add</subfield></datafield></record>